@string{crock   = "Douglas Crockford"}
@string{or    = "O'Reilly Media, Inc."}
@string{orAdr = "Sebastopol, CA 95472"}


@Misc{mozgovoy,
  author =	 {Sergey Mozgovoy},
  title =	 {The biblatex package},
  month =	 sep,
  year =	 2013,
  url =          {http://mirrors.ctan.org/macros/latex/contrib/biblatex/doc/biblatex.pdf},
  urldate =	 {2014-06-13}
}

@Misc{arno,
  author =	 {David Arno},
  title =	 {Local Guide to BibLaTeX},
  month =	 may,
  url =          {http://www.davidarno.org/2010/05/18/why-javascript-is-a-toy-language/},
  urldate =	 {2014-06-13},
  year =	 2013
}


@Book{crockfordGoodparts,
  author =	 crock,
  title =	 {JavaScript:The good parts},
  edition =	 {First Edition},
  publisher =    or,
  address =      orAdr,
  month =	 dec,
  year =	 2008
}

@Misc{crockfordScripter,
  author =	 crock,
  title =	 {The Little JavaScripter},
   howpublished = {Webpage},
  url =          {http://javascript.crockford.com/little.html},
  urldate =	 {2014-06-10},
  year =	 2001
}

@Misc{crockfordInheritance,
  author =	 crock,
  title =	 {Classical Inheritance in JavaScript},
  howpublished = {Webpage},
  url =          {http://javascript.crockford.com/inheritance.html},
  urldate =	 {2014-06-08},
  year =	 2001
}
@Misc{crockfordLittle,
  author =	 crock,
  title =	 {The Little JavaScripter},
  howpublished = {Webpage},
  url =          {http://javascript.crockford.com/little.html},
  urldate =	 {2014-06-08},
  year =	 2001
}
@Misc{crockfordMisunderstood,
  author =	 crock,
  title =	 {JavaScript:The World's Most Misunderstood Programming Language},
  howpublished = {Webpage},
  url =          {http://javascript.crockford.com/javascript.html},
  urldate =	 {2014-06-09},
  year =	 2001
}
@Misc{crockfordNew,
  author =	 crock,
  title =	 {JavaScript, We Hardly new Ya},
  month =	 nov,
  howpublished = {Webpage},
  url =          {http://yuiblog.com/blog/2006/11/13/javascript-we-hardly-new-ya/},
  urldate =	 {2014-06-10},
  year =	 2006
}
@Misc{mvc,
  title =	 {Model–view–controller},
  howpublished = {Webpage},
  year =	 2014,
  url =          {http://en.wikipedia.org/wiki/Model-view-controller},
  urldate =	 {2014-06-13}
}

@Misc{angularMVW,
  title = {Model View Whatever},
  howpublished = {Webpage},
  year = 2012,
  url = {https://plus.google.com/+AngularJS/posts/aZNVhj355G2},
  urldate = {2014-06-15}
}
@Misc{angularIntro,
  title = {What is Angular},
  howpublished = {Webpage},
  year = 2014,
  url = {https://docs.angularjs.org/guide/introduction},
  urldate = {2014-06-15}
}

@Misc{backboneFAQ,
  title = {Backbone.js},
  howpublished = {Webpage},
  year = 2013,
  url = {http://documentcloud.github.io/backbone/},
  urldate = {2014-06-07}
}

@Misc{backbone,
  title = {Backbone},
  howpublished = {Webpage},
  year = 2013,
  url = {http://backbonejs.org/},
  urldate = {2014-06-12}
}

@Misc{objectPlayground,
  title =	 {ObjectPlayground},
  howpublished = {Webpage},
  year =	 2013,
  url =          {http://www.objectplayground.com/},
  urldate =	 {2014-06-08}
}

@Misc{wikiDP,
  title =	 {Design {P}atterns},
  howpublished = {Webpage},
  year =	 2014,
  url =          {http://en.wikipedia.org/wiki/Design_Patterns},
  urldate =	 {2014-05-11}
}

@Misc{wikiLamb,
  title =	 {Lambda},
  howpublished = {Webpage},
  year =	 2014,
  url =          {http://en.wikipedia.org/wiki/Lambda},
  urldate =	 {2014-06-10}
}

@Misc{wikiReen,
  title =	 {Trygve {R}eenskaug},
  howpublished = {Webpage},
  year =	 2014,
  url =          {http://en.wikipedia.org/wiki/Design_Patterns},
  urldate =	 {2014-06-05}
}

@Book{stefanov,
  author =	  {Stoyan Stefanov},
  title =	 {JavaScript patterns},
  edition =	 {First Edition},
  publisher =    or,
  address =      orAdr,
  month =        sep,
  year =	 2010
}
@Book{flanagan,
  author =	  {David Flanagan},
  title =	 {JavaScript:{T}he {D}efinitive {G}uide},
  edition =	 {Sixth Edition},
  publisher =    or,
  address =      orAdr,
  month =	 mar,
  year =	 2011
}

@Book{freeman,
  author =	  {Eric Freeman and Elisabeth Freeman and Katy Sierra and Bert Bates },
  title =	 {{H}ead {F}irst {D}esign {P}atterns},
  edition =	 {First Edition},
  publisher =    or,
  address =      orAdr,
  month =	 oct,
  year =	 2004
}

@Book{gamma,
  author =	  {Erich Gamma and Tichard Helm and Ralph Johnson and Jules Vlissides },
  title =	 {Design Patterns : Elements of Reusable Object-Oriented Software},
  edition =	 {Eight Printing},
  publisher =    {Addison Wesley Publishing Company, Inc.},
  month =	 aug,
  year =	 1996
}

@Book{harmes,
  author =	  {Ross Harmes and Dustin Diaz },
  title =	 {Pro {J}avaScript:{D}esign {P}atterns},
  edition =	 {First Edition},
  publisher =    {Apress},
  address =      {Berkeley, CA 94705},
  month =	 aug,
  year =	 2008
}

